
% Journals

% First the Full Name is given, then the abbreviation used in the AMS Math
% Reviews, with an indication if it could not be found there.
% Note the 2nd overwrites the 1st, so swap them if you want the full name.

 %{AMS}
 @String{AMSTrans = "American Mathematical Society Translations" }
 @String{AMSTrans = "Amer. Math. Soc. Transl." }
 @String{BullAMS = "Bulletin of the American Mathematical Society" }
 @String{BullAMS = "Bull. Amer. Math. Soc." }
 @String{ProcAMS = "Proceedings of the American Mathematical Society" }
 @String{ProcAMS = "Proc. Amer. Math. Soc." }
 @String{TransAMS = "Transactions of the American Mathematical Society" }
 @String{TransAMS = "Trans. Amer. Math. Soc." }

 %ACM
 @String{CACM = "Communications of the {ACM}" }
 @String{CACM = "Commun. {ACM}" }
 @String{CompServ = "Comput. Surveys" }
 @String{JACM = "J. ACM" }
 @String{ACMMathSoft = "{ACM} Transactions on Mathematical Software" }
 @String{ACMMathSoft = "{ACM} Trans. Math. Software" }
 @String{SIGNUM = "{ACM} {SIGNUM} Newsletter" }
 @String{SIGNUM = "{ACM} {SIGNUM} Newslett." }

 @String{AmerSocio = "American Journal of Sociology" }
 @String{AmerStatAssoc = "Journal of the American Statistical Association" }
 @String{AmerStatAssoc = "J. Amer. Statist. Assoc." }
 @String{ApplMathComp = "Applied Mathematics and Computation" }
 @String{ApplMathComp = "Appl. Math. Comput." }
 @String{AmerMathMonthly = "American Mathematical Monthly" }
 @String{AmerMathMonthly = "Amer. Math. Monthly" }
 @String{BIT = "{BIT}" }
 @String{BritStatPsych = "British Journal of Mathematical and Statistical
          Psychology" }
 @String{BritStatPsych = "Brit. J. Math. Statist. Psych." }
 @String{CanMathBull = "Canadian Mathematical Bulletin" }
 @String{CanMathBull = "Canad. Math. Bull." }
 @String{CompApplMath = "Journal of Computational and Applied Mathematics" }
 @String{CompApplMath = "J. Comput. Appl. Math." }
 @String{CompPhys = "Journal of Computational Physics" }
 @String{CompPhys = "J. Comput. Phys." }
 @String{CompStruct = "Computers and Structures" }
 @String{CompStruct = "Comput. \& Structures" }
 @String{CompJour = "The Computer Journal" }
 @String{CompJour = "Comput. J." }
 @String{CompSysSci = "Journal of Computer and System Sciences" }
 @String{CompSysSci = "J. Comput. System Sci." }
 @String{Computing = "Computing" }
 @String{ContempMath = "Contemporary Mathematics" }
 @String{ContempMath = "Contemp. Math." }
 @String{Crelle = "Crelle's Journal" }
 @String{GiornaleMath = "Giornale di Mathematiche" }
 @String{GiornaleMath = "Giorn. Mat." } % didn't find in AMS MR., ibid.

 %IEEE
 @String{Computer = "{IEEE} Computer" }
 @String{IEEETransComp = "{IEEE} Transactions on Computers" }
 @String{IEEETransComp = "{IEEE} Trans. Comput." }
 @String{IEEETransAC = "{IEEE} Transactions on Automatic Control" }
 @String{IEEETransAC = "{IEEE} Trans. Automat. Control" }
 @String{IEEESpec = "{IEEE} Spectrum" } % didn't find in AMS MR
 @String{ProcIEEE = "Proceedings of the {IEEE}" }
 @String{ProcIEEE = "Proc. {IEEE}" } % didn't find in AMS MR
 @String{IEEETransAeroElec = "{IEEE} Transactions on Aerospace and Electronic
     Systems" }
 @String{IEEETransAeroElec = "{IEEE} Trans. Aerospace Electron. Systems" }

 @String{IMANumerAna = "{IMA} Journal of Numerical Analysis" }
 @String{IMANumerAna = "{IMA} J. Numer. Anal." }
 @String{InfProcLet = "Information Processing Letters" }
 @String{InfProcLet = "Inform. Process. Lett." }
 @String{InstMathApp = "Journal of the Institute of Mathematics and
     its Applications" }
 @String{InstMathApp = "J. Inst. Math. Appl." }
 @String{IntControl = "International Journal of Control" }
 @String{IntControl = "Internat. J. Control" }
 @String{IntNumerEng = "International Journal for Numerical Methods in
     Engineering" }
 @String{IntNumerEng = "Internat. J. Numer. Methods Engrg." }
 @String{IntSuper = "International Journal of Supercomputing Applications" }
 @String{IntSuper = "Internat. J. Supercomputing Applic." } % didn't find
%% in AMS MR
 @String{Kibernetika = "Kibernetika" }
 @String{JResNatBurStand = "Journal of Research of the National Bureau
     of Standards" }
 @String{JResNatBurStand = "J. Res. Nat. Bur. Standards" }
 @String{LinAlgApp = "Linear Algebra and its Applications" }
 @String{LinAlgApp = "Linear Algebra Appl." }
 @String{MathAnaAppl = "Journal of Mathematical Analysis and Applications" }
 @String{MathAnaAppl = "J. Math. Anal. Appl." }
 @String{MathAnnalen = "Mathematische Annalen" }
 @String{MathAnnalen = "Math. Ann." }
 @String{MathPhys = "Journal of Mathematical Physics" }
 @String{MathPhys = "J. Math. Phys." }
 @String{MathComp = "Mathematics of Computation" }
 @String{MathComp = "Math. Comp." }
 @String{MathScand = "Mathematica Scandinavica" }
 @String{MathScand = "Math. Scand." }
 @String{TablesAidsComp = "Mathematical Tables and Other Aids to Computation" }
 @String{TablesAidsComp = "Math. Tables Aids Comput." }
 @String{NumerMath = "Numerische Mathematik" }
 @String{NumerMath = "Numer. Math." }
 @String{PacificMath = "Pacific Journal of Mathematics" }
 @String{PacificMath = "Pacific J. Math." }
 @String{ParDistComp = "Journal of Parallel and Distributed Computing" }
 @String{ParDistComp = "J. Parallel and Distrib. Comput." } % didn't find
%% in AMS MR
 @String{ParComputing = "Parallel Computing" }
 @String{ParComputing = "Parallel Comput." }
 @String{PhilMag = "Philosophical Magazine" }
 @String{PhilMag = "Philos. Mag." }
 @String{ProcNAS = "Proceedings of the National Academy of Sciences
                    of the USA" }
 @String{ProcNAS = "Proc. Nat. Acad. Sci. U. S. A." }
 @String{Psychometrika = "Psychometrika" }
 @String{QuartMath = "Quarterly Journal of Mathematics, Oxford, Series (2)" }
 @String{QuartMath = "Quart. J. Math. Oxford Ser. (2)" }
 @String{QuartApplMath = "Quarterly of Applied Mathematics" }
 @String{QuartApplMath = "Quart. Appl. Math." }
 @String{RevueInstStat = "Review of the International Statisical Institute" }
 @String{RevueInstStat = "Rev. Inst. Internat. Statist." }

 %SIAM
 @String{JSIAM = "Journal of the Society for Industrial and Applied
     Mathematics" }
 @String{JSIAM = "J. Soc. Indust. Appl. Math." }
 @String{JSIAMB = "Journal of the Society for Industrial and Applied
     Mathematics, Series B, Numerical Analysis" }
 @String{JSIAMB = "J. Soc. Indust. Appl. Math. Ser. B Numer. Anal." }
 @String{SIAMAlgMeth = "{SIAM} Journal on Algebraic and Discrete Methods" }
 @String{SIAMAlgMeth = "{SIAM} J. Algebraic Discrete Methods" }
 @String{SIAMAppMath = "{SIAM} Journal on Applied Mathematics" }
 @String{SIAMAppMath = "{SIAM} J. Appl. Math." }
 @String{SIAMComp = "{SIAM} Journal on Computing" }
 @String{SIAMComp = "{SIAM} J. Comput." }
 @String{SIAMMatrix = "{SIAM} Journal on Matrix Analysis and Applications" }
 @String{SIAMMatrix = "{SIAM} J. Matrix Anal. Appl." }
 @String{SIAMNumAnal = "{SIAM} Journal on Numerical Analysis" }
 @String{SIAMNumAnal = "{SIAM} J. Numer. Anal." }
 @String{SIAMReview = "{SIAM} Review" }
 @String{SIAMReview = "{SIAM} Rev." }
 @String{SIAMSciStat = "{SIAM} Journal on Scientific and Statistical
     Computing" }
 @String{SIAMSciStat = "{SIAM} J. Sci. Statist. Comput." }

 @String{SoftPracExp = "Software Practice and Experience" }
 @String{SoftPracExp = "Software Prac. Experience" } % didn't find in AMS MR
 @String{StatScience = "Statistical Science" }
 @String{StatScience = "Statist. Sci." }
 @String{Techno = "Technometrics" }
 @String{USSRCompMathPhys = "{USSR} Computational Mathematics and Mathematical
     Physics" }
 @String{USSRCompMathPhys = "{U. S. S. R.} Comput. Math. and Math. Phys." }
 @String{VLSICompSys = "Journal of {VLSI} and Computer Systems" }
 @String{VLSICompSys = "J. {VLSI} Comput. Syst." }
 @String{ZAngewMathMech = "Zeitschrift fur Angewandte Mathematik und
     Mechanik" }
 @String{ZAngewMathMech = "Z. Angew. Math. Mech." }
 @String{ZAngewMathPhys = "Zeitschrift fur Angewandte Mathematik und Physik" }
 @String{ZAngewMathPhys = "Z. Angew. Math. Phys." }

% Publishers % ================================================= |

 @String{Academic = "Academic Press" }
 @String{ACMPress = "{ACM} Press" }
 @String{AdamHilger = "Adam Hilger" }
 @String{AddisonWesley = "Addison-Wesley" }
 @String{AllynBacon = "Allyn and Bacon" }
 @String{AMS = "American Mathematical Society" }
 @String{Birkhauser = "Birkha{\"u}ser" }
 @String{CambridgePress = "Cambridge University Press" }
 @String{Chelsea = "Chelsea" }
 @String{ClaredonPress = "Claredon Press" }
 @String{DoverPub = "Dover Publications" }
 @String{Eyolles = "Eyolles" }
 @String{HoltRinehartWinston = "Holt, Rinehart and Winston" }
 @String{Interscience = "Interscience" }
 @String{JohnsHopkinsPress = "The Johns Hopkins University Press" }
 @String{JohnWileySons = "John Wiley and Sons" }
 @String{Macmillan = "Macmillan" }
 @String{MathWorks = "The Math Works Inc." }
 @String{McGrawHill = "McGraw-Hill" }
 @String{NatBurStd = "National Bureau of Standards" }
 @String{NorthHolland = "North-Holland" }
 @String{OxfordPress = "Oxford University Press" }  %address Oxford or London?
 @String{PergamonPress = "Pergamon Press" }
 @String{PlenumPress = "Plenum Press" }
 @String{PrenticeHall = "Prentice-Hall" }
 @String{SIAMPub = "{SIAM} Publications" }
 @String{Springer = "Springer-Verlag" }
 @String{TexasPress = "University of Texas Press" }
 @String{VanNostrand = "Van Nostrand" }
 @String{WHFreeman = "W. H. Freeman and Co." }

@INPROCEEDINGS{comparison,
  author={Tamatjita, Elizabeth Nurmiyati and Mahastama, Aditya Wikan},
  booktitle={2016 International Conference on Information Management and Technology (ICIMTech)}, 
  title={Comparison of music genre classification using Nearest Centroid Classifier and k-Nearest Neighbours}, 
  year={2016},
  volume={},
  number={},
  pages={118-123},
  doi={10.1109/ICIMTech.2016.7930314}}

@techreport{Peeters2004,
  added-at = {2010-01-28T22:00:35.000+0100},
  author = {Peeters, Geoffroy},
  biburl = {https://www.bibsonomy.org/bibtex/2730f3af81ec228afe946a8f1e57810e5/zazi},
  description = {The Bibliography of my Belegarbeit},
  institution = {{Icram}},
  interhash = {79d35268e89537575a9a9436735e6d21},
  intrahash = {730f3af81ec228afe946a8f1e57810e5},
  keywords = {imported},
  owner = {zazi},
  timestamp = {2010-01-28T22:00:37.000+0100},
  title = {{A large set of audio features for sound description (similarity
    and classification) in the CUIDADO project}},
  year = 2004
}

@inproceedings{endtoend,
  title={End-to-end learning for music audio},
  author={Dieleman, Sander and Schrauwen, Benjamin},
  booktitle={2014 IEEE International Conference on Acoustics, Speech and Signal Processing (ICASSP)},
  pages={6964--6968},
  year={2014},
  organization={IEEE}
}

@inproceedings{crnn,
  title={Convolutional recurrent neural networks for music classification},
  author={Choi, Keunwoo and Fazekas, Gy{\"o}rgy and Sandler, Mark and Cho, Kyunghyun},
  booktitle={2017 IEEE International Conference on Acoustics, Speech and Signal Processing (ICASSP)},
  pages={2392--2396},
  year={2017},
  organization={IEEE}
}

@inproceedings{dieleman2011audio,
  title={Audio-based music classification with a pretrained convolutional network},
  author={Dieleman, Sander and Brakel, Phil{\'e}mon and Schrauwen, Benjamin},
  booktitle={12th International Society for Music Information Retrieval Conference (ISMIR-2011)},
  pages={669--674},
  year={2011},
  organization={University of Miami}
}

@article{costa2017evaluation,
  title={An evaluation of convolutional neural networks for music classification using spectrograms},
  author={Costa, Yandre MG and Oliveira, Luiz S and Silla Jr, Carlos N},
  journal={Applied soft computing},
  volume={52},
  pages={28--38},
  year={2017},
  publisher={Elsevier}
}

@article{bergstra2006aggregate,
  title={Aggregate features and AdaBoost for music classification},
  author={Bergstra, James and Casagrande, Norman and Erhan, Dumitru and Eck, Douglas and K{\'e}gl, Bal{\'a}zs},
  journal={Machine learning},
  volume={65},
  number={2},
  pages={473--484},
  year={2006},
  publisher={Springer}
}

@article{mckinney2003features,
  title={Features for audio and music classification},
  author={McKinney, Martin and Breebaart, Jeroen},
  year={2003},
  publisher={Johns Hopkins University}
}

@article{muller2011signal,
  title={Signal processing for music analysis},
  author={Muller, Meinard and Ellis, Daniel PW and Klapuri, Anssi and Richard, Ga{\"e}l},
  journal={IEEE Journal of selected topics in signal processing},
  volume={5},
  number={6},
  pages={1088--1110},
  year={2011},
  publisher={IEEE}
}

@article{peeters2004large,
  title={A large set of audio features for sound description (similarity and classification) in the CUIDADO project},
  author={Peeters, Geoffroy},
  journal={CUIDADO Ist Project Report},
  volume={54},
  number={0},
  pages={1--25},
  year={2004}
}

@article{fu2010survey,
  title={A survey of audio-based music classification and annotation},
  author={Fu, Zhouyu and Lu, Guojun and Ting, Kai Ming and Zhang, Dengsheng},
  journal={IEEE transactions on multimedia},
  volume={13},
  number={2},
  pages={303--319},
  year={2010},
  publisher={IEEE}
}

@article{choi2017transfer,
  title={Transfer learning for music classification and regression tasks},
  author={Choi, Keunwoo and Fazekas, Gy{\"o}rgy and Sandler, Mark and Cho, Kyunghyun},
  journal={arXiv preprint arXiv:1703.09179},
  year={2017}
}

@inproceedings{yu2003feature,
  title={Feature selection for high-dimensional data: A fast correlation-based filter solution},
  author={Yu, Lei and Liu, Huan},
  booktitle={Proceedings of the 20th international conference on machine learning (ICML-03)},
  pages={856--863},
  year={2003}
}

@inproceedings{panagakis2009music,
  title={Music Genre Classification Using Locality Preserving Non-Negative Tensor Factorization and Sparse Representations.},
  author={Panagakis, Yannis and Kotropoulos, Constantine and Arce, Gonzalo R},
  booktitle={ISMIR},
  pages={249--254},
  year={2009},
  organization={Citeseer}
}

@article{lee2009automatic,
  title={Automatic music genre classification based on modulation spectral analysis of spectral and cepstral features},
  author={Lee, Chang-Hsing and Shih, Jau-Ling and Yu, Kun-Ming and Lin, Hwai-San},
  journal={IEEE Transactions on Multimedia},
  volume={11},
  number={4},
  pages={670--682},
  year={2009},
  publisher={IEEE}
}

@inproceedings{sigtia2014improved,
  title={Improved music feature learning with deep neural networks},
  author={Sigtia, Siddharth and Dixon, Simon},
  booktitle={2014 IEEE international conference on acoustics, speech and signal processing (ICASSP)},
  pages={6959--6963},
  year={2014},
  organization={IEEE}
}

@ARTICLE{gtzan,
  author={Tzanetakis, G. and Cook, P.},
  journal={IEEE Transactions on Speech and Audio Processing}, 
  title={Musical genre classification of audio signals}, 
  year={2002},
  volume={10},
  number={5},
  pages={293-302},
  doi={10.1109/TSA.2002.800560}}

@article{tolonen2000computationally,
  title={A computationally efficient multipitch analysis model},
  author={Tolonen, Tero and Karjalainen, Matti},
  journal={IEEE transactions on speech and audio processing},
  volume={8},
  number={6},
  pages={708--716},
  year={2000},
  publisher={IEEE}
}

@inproceedings{fu2010feature,
  title={On feature combination for music classification},
  author={Fu, Zhouyu and Lu, Guojun and Ting, Kai-Ming and Zhang, Dengsheng},
  booktitle={Joint IAPR International Workshops on Statistical Techniques in Pattern Recognition (SPR) and Structural and Syntactic Pattern Recognition (SSPR)},
  pages={453--462},
  year={2010},
  organization={Springer}
}

@article{feng2014deep,
  title={Deep learning for music genre classification},
  author={Feng, Tao},
  journal={private document},
  year={2014}
}

@article{li2010automatic,
  title={Automatic musical pattern feature extraction using convolutional neural network},
  author={Li, TL and Chan, Antoni B and Chun, AH},
  journal={Genre},
  volume={10},
  number={2010},
  pages={1x1},
  year={2010}
}

@software{brian_mcfee_2022_6097378,
  author       = {Brian McFee and
                  Alexandros Metsai and
                  Matt McVicar and
                  Stefan Balke and
                  Carl Thomé and
                  Colin Raffel and
                  Frank Zalkow and
                  Ayoub Malek and
                  Dana and
                  Kyungyun Lee and
                  Oriol Nieto and
                  Dan Ellis and
                  Jack Mason and
                  Eric Battenberg and
                  Scott Seyfarth and
                  Ryuichi Yamamoto and
                  viktorandreevichmorozov and
                  Keunwoo Choi and
                  Josh Moore and
                  Rachel Bittner and
                  Shunsuke Hidaka and
                  Ziyao Wei and
                  nullmightybofo and
                  Adam Weiss and
                  Darío Hereñú and
                  Fabian-Robert Stöter and
                  Pius Friesch and
                  Matt Vollrath and
                  Taewoon Kim and
                  Thassilo},
  title        = {librosa/librosa: 0.9.1},
  month        = feb,
  year         = 2022,
  publisher    = {Zenodo},
  version      = {0.9.1},
  doi          = {10.5281/zenodo.6097378},
  url          = {https://doi.org/10.5281/zenodo.6097378}
}

@article{valero2012gammatone,
  title={Gammatone cepstral coefficients: Biologically inspired features for non-speech audio classification},
  author={Valero, Xavier and Alias, Francesc},
  journal={IEEE Transactions on Multimedia},
  volume={14},
  number={6},
  pages={1684--1689},
  year={2012},
  publisher={IEEE}
}